@article{Fiete,
	title = "Spike-Time-Dependent Plasticity and Heterosynaptic Competition Organize Networks to Produce Long Scale-Free Sequences of Neural Activity ",
	journal = "Neuron ",
	volume = "65",
	number = "4",
	pages = "563 - 576",
	year = "2010",
	note = "",
	issn = "0896-6273",
	doi = "http://dx.doi.org/10.1016/j.neuron.2010.02.003",
	url = "http://www.sciencedirect.com/science/article/pii/S0896627310000917",
	author = "Ila R. Fiete and Walter Senn and Claude Z.H. Wang and Richard H.R. Hahnloser",
	keywords = "SYSNEURO",
	keywords = "SYSBIO",
	keywords = "SIGNALING "
}

